<collection xmlns="http://www.loc.gov/MARC21/slim">
<record>
  <leader>01140nam0a22002051i 450 </leader>
  <controlfield tag="001">IT\ICCU\CNCE\040444</controlfield>
  <controlfield tag="005">20010227000000.0</controlfield>
  <datafield tag="012" ind1=" " ind2=" ">
    <subfield code="a">exra isis sole tigi (C) 1515 (R)</subfield>
    <subfield code="2">fei</subfield>
  </datafield>
  <datafield tag="100" ind1=" " ind2=" ">
    <subfield code="a">19981103d1515        0itac0103    ba</subfield>
  </datafield>
  <datafield tag="101" ind1=" " ind2=" ">
    <subfield code="a">ITA</subfield>
  </datafield>
  <datafield tag="102" ind1=" " ind2=" ">
    <subfield code="a">IT</subfield>
  </datafield>
  <datafield tag="200" ind1="1" ind2=" ">
    <subfield code="a">Tractato vtilissimo ale anime deuote cioe de le indulgentie et corpi sancti che sono ne le giesie de la citade de Milano, etiam in alcuni altri lochi che sono nel comitato de la dicta citade, como si troua per antiqui registri et priuilegi autentici</subfield>
  </datafield>
  <datafield tag="210" ind1=" " ind2=" ">
    <subfield code="e">Impresso in Milano</subfield>
    <subfield code="g">per magistro Iacobo de Rixi e in compagnia magistro Andrea de Brachii</subfield>
    <subfield code="h">in sul corso de Porta Noua</subfield>
    <subfield code="h">1515 die XVII mense Februarii</subfield>
  </datafield>
  <datafield tag="215" ind1=" " ind2=" ">
    <subfield code="a">\36! c.</subfield>
    <subfield code="d">8ʻ</subfield>
  </datafield>
  <datafield tag="620" ind1=" " ind2=" ">
    <subfield code="a">IT</subfield>
    <subfield code="d">Milano</subfield>
  </datafield>
  <datafield tag="712" ind1="0" ind2="0">
    <subfield code="a">Bracchi, Andrea &amp; Risi, Giovanni Giacomo</subfield>
    <subfield code="3">IT\ICCU\CNCT\001987</subfield>
    <subfield code="4">650</subfield>
  </datafield>
  <datafield tag="791" ind1="0" ind2="0">
    <subfield code="a">Risi, Giovanni Giacomo &amp; Bracchi, Andrea</subfield>
    <subfield code="3">IT\ICCU\CNCT\003308</subfield>
    <subfield code="z">Bracchi, Andrea &amp; Risi, Giovanni Giacomo</subfield>
  </datafield>
  <datafield tag="791" ind1="0" ind2="0">
    <subfield code="a">Bracchi, Andrea &amp; Rizzi, Giovanni Giacomo</subfield>
    <subfield code="3">IT\ICCU\CNCT\006434</subfield>
    <subfield code="z">Bracchi, Andrea &amp; Risi, Giovanni Giacomo</subfield>
  </datafield>
  <datafield tag="801" ind1=" " ind2="3">
    <subfield code="a">IT</subfield>
    <subfield code="b">ICCU</subfield>
    <subfield code="c">20201114</subfield>
  </datafield>
  <datafield tag="899" ind1=" " ind2=" ">
    <subfield code="a">Biblioteca Ambrosiana. Milano</subfield>
    <subfield code="1">MI0133</subfield>
    <subfield code="2">VBA 01</subfield>
  </datafield>
</record>
</collection>
